@misc{google,
  title = {Google},
  howpublished = "Available at: \url{http://www.google.com}",
  note = {Accessed: 2016/09/17},
}

@misc{duckduckgo,
  title = {{DuckDuckGo}},
  howpublished = "Available at: \url{http://www.duckduckgo.com}",
  note = {Accessed: 2016/09/17},  
}

@misc{sitemaps,
	title = {{Sitemaps XML format}},
	howpublished = "Available at: \url{http://www.sitemaps.org/protocol.html}",
	note = {Accessed: 2016/09/17},
}

@misc{python,
  title = {{The Python Programming Language}},
  howpublished = "Available at: \url{https://www.python.org/}",
  note = {Accessed: 2016/09/17},
}
